@inproceedings{Kruskal:58,
 author = {Hello world},
 title = {Ordinal measures of association.},
 booktitle = {Journal of the American Statistical Association},
 series = {},
 year = {1958},
 location = {},
 pages = {},
 numpages = {},
 url = {},
 acmid = {},
 publisher = {},
 address = {},
} 
